@book{gravlensbook,
  title={Gravitational Lensing: Strong, Weak and Micro},
  author={{Schneider}, P. and {Kochanek}, C.~S. and  {Wambsganss}, J.},
  isbn={3-540-30309-X},
  year={2006},
  publisher={SPRINGER}
}

@ARTICLE{kelly2014,
       author = {{Kelly}, P.~L. and {Rodney}, Steven A. and {Treu}, Tommaso and {Foley}, Ryan J. and {Brammer}, Gabriel and {Schmidt}, Kasper B. and {Zitrin}, Adi and {Sonnenfeld}, Alessandro and {Strolger}, Louis-Gregory and {Graur}, Or},
        title = "{Multiple images of a highly magnified supernova formed by an early-type cluster galaxy lens}",
      journal = {Science},
     keywords = {ASTRONOMY, Astrophysics - Cosmology and Nongalactic Astrophysics, Astrophysics - Astrophysics of Galaxies},
         year = "2015",
       % month = "Mar",
       volume = {347},
       number = {6226},
        pages = {1123-1126},
         % doi = {10.1126/science.aaa3350},
archivePrefix = {arXiv},
      % eprint = {1411.6009},
 primaryClass = {astro-ph.CO},
       adsurl = {https://ui.adsabs.harvard.edu/abs/2015Sci...347.1123K},
      adsnote = {Provided by the SAO/NASA Astrophysics Data System}
}


@ARTICLE{treu2016,
   author = {{Treu}, T. and {Brammer}, G. and {Diego}, J.~M. and {Grillo}, C. and {Kelly}, P.~L. and {Oguri}, M. and {Rodney}, S.~A. and {Rosati}, P. and {Sharon}, K. and {Zitrin}, A. and {Balestra}, I. and {Brada{\v c}}, M. and {Broadhurst}, T. and {Caminha}, G.~B. and {Halkola}, A. and {Hoag}, A. and {Ishigaki}, M. and {Johnson}, T.~L. and {Karman}, W. and {Kawamata}, R. and {Mercurio}, A. and {Schmidt}, K.~B. and {Strolger}, L.-G. and {Suyu}, S.~H. and {Filippenko}, A.~V. and {Foley}, R.~J. and {Jha}, S.~W. and {Patel}, B.},
    title = "{Refsdal Meets Popper: Comparing Predictions of the Re-appearance of the Multiply Imaged Supernova Behind MACSJ1149.5+2223}",
    journal = {ApJ},
    archivePrefix = "arXiv",
 %   eprint = {1510.05750},
    keywords = {gravitational lensing: strong},
    year = 2016,
    volume = 817,
    eid = {60},
    pages = {60},
  %  doi = {10.3847/0004-637X/817/1/60},
    adsurl = {https://ui.adsabs.harvard.edu/abs/2016ApJ...817...60T},
    adsnote = {Provided by the SAO/NASA Astrophysics Data System}
}

@ARTICLE{rodney2016,
   author = {{Rodney}, S.~A. and {Strolger}, L.-G. and {Kelly}, P.~L. and {Brada{\v c}}, M. and {Brammer}, G. and {Filippenko}, A.~V. and {Foley}, R.~J. and {Graur}, O. and {Hjorth}, J. and {Jha}, S.~W. and {McCully}, C. and {Molino}, A. and {Riess}, A.~G. and {Schmidt}, K.~B. and 
	{Selsing}, J. and {Sharon}, K. and {Treu}, T. and {Weiner}, B.~J. and {Zitrin}, A.},
    title = "{SN Refsdal: Photometry and Time Delay Measurements of the First Einstein Cross Supernova}",
   journal = {ApJ},
    archivePrefix = "arXiv",
  % eprint = {1512.05734},
 keywords = {galaxies: clusters: general, galaxies: clusters: individual: MACS J1149.6+2223, gravitational lensing: strong, supernovae: general, supernovae: individual: SN Refsdal},
     year = 2016,
   volume = 820,
      eid = {50},
    pages = {50},
     % doi = {10.3847/0004-637X/820/1/50},
   adsurl = {https://ui.adsabs.harvard.edu/abs/2016ApJ...820...50R},
  adsnote = {Provided by the SAO/NASA Astrophysics Data System}
}

@book{gl_all,
    author = {Meneghetti, M.},
    year = {2016},
    pages = {},
    title = {Introduction to Gravitational Lensing - Lecture scripts}
}

@ARTICLE{moresuyu2017,
   author = {{More}, A. and {Suyu}, S.~H. and {Oguri}, M. and {More}, S. and {Lee}, C.-H.},
    title = "{Interpreting the Strongly Lensed Supernova iPTF16geu: Time Delay Predictions, Microlensing, and Lensing Rates}",
    journal = {ApJL},
    archivePrefix = "arXiv",
    %eprint = {1611.04866},
    keywords = {gravitational lensing: strong, supernovae: individual: iPTF16geu},
     year = 2017,
   volume = 835,
      eid = {L25},
    pages = {L25},
   %   doi = {10.3847/2041-8213/835/2/L25},
   adsurl = {https://ui.adsabs.harvard.edu/abs/2017ApJ...835L..25M},
  adsnote = {Provided by the SAO/NASA Astrophysics Data System}
}

@ARTICLE{pierelrodney2019,
   author = {{Pierel}, J.~D.~R. and {Rodney}, S.},
    title = "{Turning Gravitationally Lensed Supernovae into Cosmological Probes}",
    journal = {ApJ},
    archivePrefix = "arXiv",
   % eprint = {1902.01260},
    keywords = {cosmology: observations, gravitational lensing: strong, supernovae: general },
     year = 2019,
   volume = 876,
      eid = {107},
    pages = {107},
     % doi = {10.3847/1538-4357/ab164a},
   adsurl = {https://ui.adsabs.harvard.edu/abs/2019ApJ...876..107P},
  adsnote = {Provided by the SAO/NASA Astrophysics Data System}
}

@ARTICLE{dobler2015,
   author = {{Dobler}, G. and {Fassnacht}, C.~D. and {Treu}, T. and {Marshall}, P. and 
	{Liao}, K. and {Hojjati}, A. and {Linder}, E. and {Rumbaugh}, N.
	},
    title = "{Strong Lens Time Delay Challenge. I. Experimental Design}",
  journal = {ApJ},
 keywords = {gravitational lensing: strong, methods: data analysis },
     year = 2015,
   volume = 799,
      eid = {168},
    pages = {168},
      %doi = {10.1088/0004-637X/799/2/168},
   adsurl = {https://ui.adsabs.harvard.edu/abs/2015ApJ...799..168D},
  adsnote = {Provided by the SAO/NASA Astrophysics Data System}
}

@ARTICLE{refsdalstabell1991,
   author = {{Refsdal}, S. and {Stabell}, R.},
    title = "{Gravitational micro-lensing for large sources}",
  journal = {A&A},
 keywords = {Gravitational Lenses, Quasars, Stellar Gravitation, Astrophysics, Gravitational Effects},
     year = 1991,
   volume = 250,
    pages = {62-66},
   adsurl = {https://ui.adsabs.harvard.edu/abs/1991A%26A...250...62R},
  adsnote = {Provided by the SAO/NASA Astrophysics Data System}
}

@ARTICLE{doblerkeeton2006,
   author = {{Dobler}, G. and {Keeton}, C.~R.},
    title = "{Microlensing of Lensed Supernovae}",
  journal = {ApJ},
   %eprint = {astro-ph/0608391},
 keywords = {Galaxies: Stellar Content, Cosmology: Gravitational Lensing, Stars: Supernovae: General},
     year = 2006,
   volume = 653,
    pages = "1391-1399",
      %doi = {10.1086/508769},
   adsurl = {https://ui.adsabs.harvard.edu/abs/2006ApJ...653.1391D},
  adsnote = {Provided by the SAO/NASA Astrophysics Data System}
}

@ARTICLE{refsdal1964,
   author = {{Refsdal}, S.},
    title = "{On the possibility of determining Hubble's parameter and the masses of galaxies from the gravitational lens effect}",
  journal = {MNRAS},
     year = 1964,
   volume = 128,
    pages = {307},
     % doi = {10.1093/mnras/128.4.307},
   adsurl = {https://ui.adsabs.harvard.edu/abs/1964MNRAS.128..307R},
  adsnote = {Provided by the SAO/NASA Astrophysics Data System}
}

@ARTICLE{narbart,
   author = {{Narayan}, R. and {Bartelmann}, M.},
    title = "{Lectures on Gravitational Lensing}",
  journal = {arXiv Astrophysics e-prints},
   eprint = {astro-ph/9606001},
 keywords = {Astrophysics},
     year = 1996,
   adsurl = {https://ui.adsabs.harvard.edu/abs/1996astro.ph..6001N},
  adsnote = {Provided by the SAO/NASA Astrophysics Data System}
}

@ARTICLE{wambsganss1999,
   author = {{Wambsganss}, J.},
    title = "{Gravitational lensing: numerical simulations with a hierarchical tree code.}",
  journal = {Journal of Computational and Applied Mathematics},
 keywords = {Gravitational Lenses: Numerical Simulations, Gravitational Lenses: Cosmology},
     year = 1999,
   % month = sep,
   volume = 109,
    pages = {353-372},
   adsurl = {https://ui.adsabs.harvard.edu/abs/1999JCoAM.109..353W},
  adsnote = {Provided by the SAO/NASA Astrophysics Data System}
}

@MISC{wambsganss1990-thesis,
       author = {{Wambsganss}, Joachim},
        title = "{Gravitational microlensing}",
     keywords = {Gravitational Effects, Lenses, Light Curve, Magnification, Stellar Radiation, Beams (Radiation), Emission Spectra, Light Emission, Line Spectra, Quasars, Astronomy},
 howpublished = {NASA STI/Recon Technical Report N},
         year = 1990,
        month = aug,
        pages = {22300},
       adsurl = {https://ui.adsabs.harvard.edu/abs/1990STIN...9222300W},
      adsnote = {Provided by the SAO/NASA Astrophysics Data System}
}



@ARTICLE{wambsganss1992-microlens,
       author = {{Wambsganss}, J. and {Witt}, H.~J. and {Schneider}, P.},
        title = "{Gravitational microlensing - Powerful combination of ray-shooting and parametric representation of caustics}",
      journal = {\aap},
     keywords = {Caustics (Optics), Dark Matter, Gravitational Lenses, Light Curve, Quasars, Ray Tracing, Computational Astrophysics, Line Of Sight, Probability Density Functions, Astrophysics},
         year = 1992,
        month = may,
       volume = {258},
       number = {2},
        pages = {591-599},
       adsurl = {https://ui.adsabs.harvard.edu/abs/1992A&A...258..591W},
      adsnote = {Provided by the SAO/NASA Astrophysics Data System}
}

@ARTICLE{shwamb2002,
   author = {{Schechter}, P.~L. and {Wambsganss}, J.},
    title = "{Quasar Microlensing at High Magnification and the Role of Dark Matter: Enhanced Fluctuations and Suppressed Saddle Points}",
  journal = {ApJ},
  % eprint = {astro-ph/0204425},
 keywords = {Cosmology: Dark Matter, Cosmology: Gravitational Lensing, Galaxies: Quasars: Individual: Alphanumeric: MG 0414+0534},
     year = 2002,
   volume = 580,
    pages = {685-695},
   %   doi = {10.1086/343856},
   adsurl = {https://ui.adsabs.harvard.edu/abs/2002ApJ...580..685S},
  adsnote = {Provided by the SAO/NASA Astrophysics Data System}
}

@BOOK{schneider1992,
    author = {{Schneider}, P. and {Ehlers}, J. and {Falco}, E.~E.},
    title = "{Gravitational Lenses}",
    keywords = {EXTRAGALACTIC COSMOLOGY, EXTRAGALAKTISCHE KOSMOLOGIE, GEOMETRICAL OPTICS, GEOMETRISCHE OPTIK, GRAVITATION, GRAVITATION, GRAVITATIONAL LENSING, GRAVITATIONSLINSEN, QUASARE, QUASARS, REDSHIFT, ROTVERSCHIEBUNG, GRAVITATIONAL LENSES},
    booktitle = {Gravitational Lenses, XIV, 560 pp.~112 figs..~Springer-Verlag Berlin Heidelberg New York.~ Also Astronomy and Astrophysics Library},
    year = 1992,
    pages = {112},
   % doi = {10.1007/978-3-662-03758-4},
    adsurl = {https://ui.adsabs.harvard.edu/abs/1992grle.book.....S},
    adsnote = {Provided by the SAO/NASA Astrophysics Data System}
}

@ARTICLE{distance_measures,
       author = {{Hogg}, David W.},
        title = "{Distance measures in cosmology}",
      journal = {arXiv e-prints},
     keywords = {Astrophysics},
         year = "1999",
       % month = "May",
          %eid = {astro-ph/9905116},
       % pages = {astro-ph/9905116},
%archivePrefix = {eprint},
       eprint = {astro-ph/9905116},
 %primaryClass = {astro-ph},
       adsurl = {https://ui.adsabs.harvard.edu/abs/1999astro.ph..5116H},
      adsnote = {Provided by the SAO/NASA Astrophysics Data System}
}

@ARTICLE{goobar2017,
       author = {{Goobar}, A. and {Amanullah}, R. and {Kulkarni}, S.~R. and {Nugent}, P.~E. and {Johansson}, J. and {Steidel}, C. and {Law}, D. and {M{\"o}rtsell}, E. and {Quimby}, R. and {Blagorodnova}, N.},
        title = "{iPTF16geu: A multiply imaged, gravitationally lensed type Ia supernova}",
      journal = {Science},
     keywords = {ASTRONOMY, Astrophysics - Cosmology and Nongalactic Astrophysics, Astrophysics - Astrophysics of Galaxies, Astrophysics - Instrumentation and Methods for Astrophysics},
         year = "2017",
  %      month = "Apr",
       volume = {356},
       number = {6335},
        pages = {291-295},
      %    doi = {10.1126/science.aal2729},
archivePrefix = {arXiv},
     %  eprint = {1611.00014},
 primaryClass = {astro-ph.CO},
       adsurl = {https://ui.adsabs.harvard.edu/abs/2017Sci...356..291G},
      adsnote = {Provided by the SAO/NASA Astrophysics Data System}
}

@ARTICLE{holicowXII,
       author = {{Rusu}, Cristian E. and {Wong}, Kenneth C. and {Bonvin}, Vivien and
         {Sluse}, Dominique and {Suyu}, Sherry H. and
         {Fassnacht}, Christopher D. and {Chan}, James H.~H. and
         {Hilbert}, Stefan and {Auger}, Matthew W. and {Sonnenfeld}, Alessandro},
        title = "{H0LiCOW XII. Lens mass model of WFI2033-4723 and blind measurement of its time-delay distance and $H_0$}",
      journal = {arXiv e-prints},
     keywords = {Astrophysics - Cosmology and Nongalactic Astrophysics},
         year = "2019",
       % month = "May",
        %  eid = {arXiv:1905.09338},
        %pages = {arXiv:1905.09338},
%archivePrefix = {arXiv},
       eprint = {astro-ph/1905.09338},
% primaryClass = {astro-ph.CO},
       adsurl = {https://ui.adsabs.harvard.edu/abs/2019arXiv190509338R},
      adsnote = {Provided by the SAO/NASA Astrophysics Data System}
}

@ARTICLE{holicowXIII,
       author = {{Wong}, Kenneth C. and {Suyu}, Sherry H. and {Chen}, Geoff C. -F. and {Rusu}, Cristian E. and {Millon}, Martin and {Sluse}, Dominique and {Bonvin}, Vivien and {Fassnacht}, Christopher D. and {Taubenberger}, Stefan and {Auger}, Matthew W. and {Birrer}, Simon and {Chan}, James H.~H. and {Courbin}, Frederic and {Hilbert}, Stefan and {Tihhonova}, Olga and {Treu}, Tommaso and {Agnello}, Adriano and {Ding}, Xuheng and {Jee}, Inh and {Komatsu}, Eiichiro and {Shajib}, Anowar J. and {Sonnenfeld}, Alessandro and {Blandford}, Roger D. and {Koopmans}, L{\'e}on V.~E. and {Marshall}, Philip J. and {Meylan}, Georges},
        title = "{H0LiCOW {\textendash} XIII. A 2.4 per cent measurement of H$_{0}$ from lensed quasars: 5.3{\ensuremath{\sigma}} tension between early- and late-Universe probes}",
      journal = {\mnras},
     keywords = {gravitational lensing: strong, cosmological parameters, distance scale, cosmology: observations, Astrophysics - Cosmology and Nongalactic Astrophysics, Astrophysics - Astrophysics of Galaxies},
         year = 2020,
        month = oct,
       volume = {498},
       number = {1},
        pages = {1420-1439},
          doi = {10.1093/mnras/stz3094},
archivePrefix = {arXiv},
       eprint = {1907.04869},
 primaryClass = {astro-ph.CO},
       adsurl = {https://ui.adsabs.harvard.edu/abs/2020MNRAS.498.1420W},
      adsnote = {Provided by the SAO/NASA Astrophysics Data System}
}

@ARTICLE{tdcosmoI,
       author = {{Millon}, M. and {Galan}, A. and {Courbin}, F. and {Treu}, T. and {Suyu}, S.~H. and {Ding}, X. and {Birrer}, S. and {Chen}, G.~C. -F. and {Shajib}, A.~J. and {Sluse}, D. and {Wong}, K.~C. and {Agnello}, A. and {Auger}, M.~W. and {Buckley-Geer}, E.~J. and {Chan}, J.~H.~H. and {Collett}, T. and {Fassnacht}, C.~D. and {Hilbert}, S. and {Koopmans}, L.~V.~E. and {Motta}, V. and {Mukherjee}, S. and {Rusu}, C.~E. and {Sonnenfeld}, A. and {Spiniello}, C. and {Van de Vyvere}, L.},
        title = "{TDCOSMO. I. An exploration of systematic uncertainties in the inference of H$_{0}$ from time-delay cosmography}",
      journal = {\aap},
     keywords = {gravitational lensing: strong, methods: data analysis, Astrophysics - Cosmology and Nongalactic Astrophysics},
         year = 2020,
        month = jul,
       volume = {639},
          eid = {A101},
        pages = {A101},
          doi = {10.1051/0004-6361/201937351},
archivePrefix = {arXiv},
       eprint = {1912.08027},
 primaryClass = {astro-ph.CO},
       adsurl = {https://ui.adsabs.harvard.edu/abs/2020A&A...639A.101M},
      adsnote = {Provided by the SAO/NASA Astrophysics Data System}
}

@ARTICLE{strides,
       author = {{Shajib}, A.~J. and {Birrer}, S. and {Treu}, T. and {Agnello}, A. and {Buckley-Geer}, E.~J. and {Chan}, J.~H.~H. and {Christensen}, L. and {Lemon}, C. and {Lin}, H. and {Millon}, M. and {Poh}, J. and {Rusu}, C.~E. and {Sluse}, D. and {Spiniello}, C. and {Chen}, G.~C. -F. and {Collett}, T. and {Courbin}, F. and {Fassnacht}, C.~D. and {Frieman}, J. and {Galan}, A. and {Gilman}, D. and {More}, A. and {Anguita}, T. and {Auger}, M.~W. and {Bonvin}, V. and {McMahon}, R. and {Meylan}, G. and {Wong}, K.~C. and {Abbott}, T.~M.~C. and {Annis}, J. and {Avila}, S. and {Bechtol}, K. and {Brooks}, D. and {Brout}, D. and {Burke}, D.~L. and {Carnero Rosell}, A. and {Carrasco Kind}, M. and {Carretero}, J. and {Castander}, F.~J. and {Costanzi}, M. and {da Costa}, L.~N. and {De Vicente}, J. and {Desai}, S. and {Dietrich}, J.~P. and {Doel}, P. and {Drlica-Wagner}, A. and {Evrard}, A.~E. and {Finley}, D.~A. and {Flaugher}, B. and {Fosalba}, P. and {Garc{\'\i}a-Bellido}, J. and {Gerdes}, D.~W. and {Gruen}, D. and {Gruendl}, R.~A. and {Gschwend}, J. and {Gutierrez}, G. and {Hollowood}, D.~L. and {Honscheid}, K. and {Huterer}, D. and {James}, D.~J. and {Jeltema}, T. and {Krause}, E. and {Kuropatkin}, N. and {Li}, T.~S. and {Lima}, M. and {MacCrann}, N. and {Maia}, M.~A.~G. and {Marshall}, J.~L. and {Melchior}, P. and {Miquel}, R. and {Ogando}, R.~L.~C. and {Palmese}, A. and {Paz-Chinch{\'o}n}, F. and {Plazas}, A.~A. and {Romer}, A.~K. and {Roodman}, A. and {Sako}, M. and {Sanchez}, E. and {Santiago}, B. and {Scarpine}, V. and {Schubnell}, M. and {Scolnic}, D. and {Serrano}, S. and {Sevilla-Noarbe}, I. and {Smith}, M. and {Soares-Santos}, M. and {Suchyta}, E. and {Tarle}, G. and {Thomas}, D. and {Walker}, A.~R. and {Zhang}, Y.},
        title = "{STRIDES: a 3.9 per cent measurement of the Hubble constant from the strong lens system DES J0408-5354}",
      journal = {\mnras},
     keywords = {gravitational lensing: strong, cosmological parameters, distance scale, cosmology: observations, Astrophysics - Cosmology and Nongalactic Astrophysics},
         year = 2020,
        month = jun,
       volume = {494},
       number = {4},
        pages = {6072-6102},
          doi = {10.1093/mnras/staa828},
archivePrefix = {arXiv},
       eprint = {1910.06306},
 primaryClass = {astro-ph.CO},
       adsurl = {https://ui.adsabs.harvard.edu/abs/2020MNRAS.494.6072S},
      adsnote = {Provided by the SAO/NASA Astrophysics Data System}
}

@ARTICLE{cosmograil,
       author = {{Millon}, M. and {Courbin}, F. and {Bonvin}, V. and {Paic}, E. and {Meylan}, G. and {Tewes}, M. and {Sluse}, D. and {Magain}, P. and {Chan}, J.~H.~H. and {Galan}, A. and {Joseph}, R. and {Lemon}, C. and {Tihhonova}, O. and {Anderson}, R.~I. and {Marmier}, M. and {Chazelas}, B. and {Lendl}, M. and {Triaud}, A.~H.~M.~J. and {Wyttenbach}, A.},
        title = "{COSMOGRAIL. XIX. Time delays in 18 strongly lensed quasars from 15 years of optical monitoring}",
      journal = {\aap},
     keywords = {gravitational lensing: strong, cosmology: observations, Astrophysics - Cosmology and Nongalactic Astrophysics},
         year = 2020,
        month = aug,
       volume = {640},
          eid = {A105},
        pages = {A105},
          doi = {10.1051/0004-6361/202037740},
archivePrefix = {arXiv},
       eprint = {2002.05736},
 primaryClass = {astro-ph.CO},
       adsurl = {https://ui.adsabs.harvard.edu/abs/2020A&A...640A.105M},
      adsnote = {Provided by the SAO/NASA Astrophysics Data System}
}


@ARTICLE{razmer,
       author = {{Hamuy}, M.},
        title = "{Review on the Observed and Physical Properties of Core Collapse Supernovae}",
      journal = {arXiv e-prints},
     keywords = {Astrophysics},
         year = "2002",
       % month = "Dec",
         % eid = {astro-ph/0301006},
        %pages = {astro-ph/0301006},
archivePrefix = {eprint},
       eprint = {astro-ph/0301006},
 %primaryClass = {astro-ph},
       adsurl = {https://ui.adsabs.harvard.edu/abs/2003astro.ph..1006H},
      adsnote = {Provided by the SAO/NASA Astrophysics Data System}
}

@ARTICLE{kawamataoguri,
       author = {{Kawamata}, R. and {Oguri}, Masamune and {Ishigaki}, Masafumi and
         {Shimasaku}, Kazuhiro and {Ouchi}, Masami},
        title = "{Precise Strong Lensing Mass Modeling of Four Hubble Frontier Field Clusters and a Sample of Magnified High-redshift Galaxies}",
      journal = {ApJ},
     keywords = {galaxies: clusters: individual: Abell 2744, MACS J0416.1-2403, MACS J0717.5+3745, MACS J1149.6+222, galaxies: high-redshift, gravitational lensing: strong, Astrophysics - Astrophysics of Galaxies, Astrophysics - Cosmology and Nongalactic Astrophysics},
         year = "2016",
       % month = "Mar",
       volume = {819},
       number = {2},
          %eid = {114},
        pages = {114},
        %  doi = {10.3847/0004-637X/819/2/114},
archivePrefix = {arXiv},
      % eprint = {1510.06400},
 primaryClass = {astro-ph.GA},
       adsurl = {https://ui.adsabs.harvard.edu/abs/2016ApJ...819..114K},
      adsnote = {Provided by the SAO/NASA Astrophysics Data System}
}

@ARTICLE{schechter2014,
       author = {{Schechter}, P.~L. and {Pooley}, David and {Blackburne}, Jeffrey A. and
         {Wambsganss}, Joachim},
        title = "{A Calibration of the Stellar Mass Fundamental Plane at $z \sim 0.5$ Using the Micro-lensing-induced Flux Ratio Anomalies of Macro-lensed Quasars}",
      journal = {ApJ},
     keywords = {galaxies: stellar content, gravitational lensing: micro, gravitational lensing: strong, Astrophysics - Astrophysics of Galaxies},
         year = "2014",
       % month = "Oct",
       volume = {793},
       number = {2},
          eid = {96},
        pages = {96},
         % doi = {10.1088/0004-637X/793/2/96},
archivePrefix = {arXiv},
       %eprint = {1405.0038},
 primaryClass = {astro-ph.GA},
       adsurl = {https://ui.adsabs.harvard.edu/abs/2014ApJ...793...96S},
      adsnote = {Provided by the SAO/NASA Astrophysics Data System}
}

@ARTICLE{hubblemaps,
       author = {{Lotz}, J.~M. and {Koekemoer}, A. and {Coe}, D. and {Grogin}, N. and
         {Capak}, P. and {Mack}, J. and {Anderson}, J. and {Avila}, R. and
         {Barker}, E.~A. and {Borncamp}, D.},
        title = "{The Frontier Fields: Survey Design and Initial Results}",
      journal = {ApJ},
     keywords = {cosmology: observations, galaxies: clusters: general, galaxies: high-redshift, Astrophysics - Astrophysics of Galaxies, Astrophysics - Cosmology and Nongalactic Astrophysics},
         year = "2017",
        %month = "Mar",
       volume = {837},
       number = {1},
          eid = {97},
        pages = {97},
         % doi = {10.3847/1538-4357/837/1/97},
archivePrefix = {arXiv},
      % eprint = {1605.06567},
 primaryClass = {astro-ph.GA},
       adsurl = {https://ui.adsabs.harvard.edu/abs/2017ApJ...837...97L},
      adsnote = {Provided by the SAO/NASA Astrophysics Data System}
}

@ARTICLE{djorgovski&davis1987,
       author = {{Djorgovski}, S. and {Davis}, Marc},
        title = "{Fundamental Properties of Elliptical Galaxies}",
      journal = {ApJ},
     keywords = {Astronomical Photometry, Elliptical Galaxies, Galactic Rotation, Galactic Structure, Cosmology, Galactic Evolution, Mass To Light Ratios, Velocity Distribution, Astrophysics, COSMOLOGY, GALAXIES: INTERNAL MOTIONS, GALAXIES: PHOTOMETRY, GALAXIES: STRUCTURE},
         year = "1987",
      %  month = "Feb",
       volume = {313},
        pages = {59},
       %   doi = {10.1086/164948},
     %  adsurl = {https://ui.adsabs.harvard.edu/abs/1987ApJ...313...59D},
      adsnote = {Provided by the SAO/NASA Astrophysics Data System}
}

@ARTICLE{hydebernardi2009,
       author = {{Hyde}, J. B. and {Bernardi}, M.},
        title = "{The luminosity and stellar mass Fundamental Plane of early-type galaxies}",
      journal = {MNRAS},
     keywords = {methods: analytical, galaxies: formation, galaxies: haloes, dark matter, large-scale structure of Universe, Astrophysics},
         year = "2009",
      %  month = "Jun",
       volume = {396},
       number = {2},
        pages = {1171-1185},
         % doi = {10.1111/j.1365-2966.2009.14783.x},
archivePrefix = {arXiv},
      % eprint = {0810.4924},
 primaryClass = {astro-ph},
       adsurl = {https://ui.adsabs.harvard.edu/abs/2009MNRAS.396.1171H},
      adsnote = {Provided by the SAO/NASA Astrophysics Data System}
}

@misc{hlsp,
  howpublished = "\url{https://archive.stsci.edu/pub/hlsp/frontier/macs1149/models/}"
}

@ARTICLE{vaucouleurs,
   author = {{de Vaucouleurs}, G.},
    title = "{Recherches sur les Nebuleuses Extragalactiques}",
  journal = {Annales d'Astrophysique},
     year = 1948,
    % month = jan,
   volume = 11,
    pages = {247},
   % adsurl = {https://ui.adsabs.harvard.edu/abs/1948AnAp...11..247D},
  adsnote = {Provided by the SAO/NASA Astrophysics Data System}
}

%%%%%%%%%%%%%%%%%%%%%%%%%%%%%%%%%%%%%%%%%%%%%%

@ARTICLE{planck2018,
       author = {{Planck Collaboration} and {Aghanim}, N. and {Akrami}, Y. and {Ashdown}, M. and {Aumont}, J. and {Baccigalupi}, C. and {Ballardini}, M. and {Banday}, A.~J. and {Barreiro}, R.~B. and {Bartolo}, N. and {Basak}, S. and {Battye}, R. and {Benabed}, K. and {Bernard}, J. -P. and {Bersanelli}, M. and {Bielewicz}, P. and {Bock}, J.~J. and {Bond}, J.~R. and {Borrill}, J. and {Bouchet}, F.~R. and {Boulanger}, F. and {Bucher}, M. and {Burigana}, C. and {Butler}, R.~C. and {Calabrese}, E. and {Cardoso}, J. -F. and {Carron}, J. and {Challinor}, A. and {Chiang}, H.~C. and {Chluba}, J. and {Colombo}, L.~P.~L. and {Combet}, C. and {Contreras}, D. and {Crill}, B.~P. and {Cuttaia}, F. and {de Bernardis}, P. and {de Zotti}, G. and {Delabrouille}, J. and {Delouis}, J. -M. and {Di Valentino}, E. and {Diego}, J.~M. and {Dor{\'e}}, O. and {Douspis}, M. and {Ducout}, A. and {Dupac}, X. and {Dusini}, S. and {Efstathiou}, G. and {Elsner}, F. and {En{\ss}lin}, T.~A. and {Eriksen}, H.~K. and {Fantaye}, Y. and {Farhang}, M. and {Fergusson}, J. and {Fernandez-Cobos}, R. and {Finelli}, F. and {Forastieri}, F. and {Frailis}, M. and {Fraisse}, A.~A. and {Franceschi}, E. and {Frolov}, A. and {Galeotta}, S. and {Galli}, S. and {Ganga}, K. and {G{\'e}nova-Santos}, R.~T. and {Gerbino}, M. and {Ghosh}, T. and {Gonz{\'a}lez-Nuevo}, J. and {G{\'o}rski}, K.~M. and {Gratton}, S. and {Gruppuso}, A. and {Gudmundsson}, J.~E. and {Hamann}, J. and {Handley}, W. and {Hansen}, F.~K. and {Herranz}, D. and {Hildebrandt}, S.~R. and {Hivon}, E. and {Huang}, Z. and {Jaffe}, A.~H. and {Jones}, W.~C. and {Karakci}, A. and {Keih{\"a}nen}, E. and {Keskitalo}, R. and {Kiiveri}, K. and {Kim}, J. and {Kisner}, T.~S. and {Knox}, L. and {Krachmalnicoff}, N. and {Kunz}, M. and {Kurki-Suonio}, H. and {Lagache}, G. and {Lamarre}, J. -M. and {Lasenby}, A. and {Lattanzi}, M. and {Lawrence}, C.~R. and {Le Jeune}, M. and {Lemos}, P. and {Lesgourgues}, J. and {Levrier}, F. and {Lewis}, A. and {Liguori}, M. and {Lilje}, P.~B. and {Lilley}, M. and {Lindholm}, V. and {L{\'o}pez-Caniego}, M. and {Lubin}, P.~M. and {Ma}, Y. -Z. and {Mac{\'\i}as-P{\'e}rez}, J.~F. and {Maggio}, G. and {Maino}, D. and {Mandolesi}, N. and {Mangilli}, A. and {Marcos-Caballero}, A. and {Maris}, M. and {Martin}, P.~G. and {Martinelli}, M. and {Mart{\'\i}nez-Gonz{\'a}lez}, E. and {Matarrese}, S. and {Mauri}, N. and {McEwen}, J.~D. and {Meinhold}, P.~R. and {Melchiorri}, A. and {Mennella}, A. and {Migliaccio}, M. and {Millea}, M. and {Mitra}, S. and {Miville-Desch{\^e}nes}, M. -A. and {Molinari}, D. and {Montier}, L. and {Morgante}, G. and {Moss}, A. and {Natoli}, P. and {N{\o}rgaard-Nielsen}, H.~U. and {Pagano}, L. and {Paoletti}, D. and {Partridge}, B. and {Patanchon}, G. and {Peiris}, H.~V. and {Perrotta}, F. and {Pettorino}, V. and {Piacentini}, F. and {Polastri}, L. and {Polenta}, G. and {Puget}, J. -L. and {Rachen}, J.~P. and {Reinecke}, M. and {Remazeilles}, M. and {Renzi}, A. and {Rocha}, G. and {Rosset}, C. and {Roudier}, G. and {Rubi{\~n}o-Mart{\'\i}n}, J.~A. and {Ruiz-Granados}, B. and {Salvati}, L. and {Sandri}, M. and {Savelainen}, M. and {Scott}, D. and {Shellard}, E.~P.~S. and {Sirignano}, C. and {Sirri}, G. and {Spencer}, L.~D. and {Sunyaev}, R. and {Suur-Uski}, A. -S. and {Tauber}, J.~A. and {Tavagnacco}, D. and {Tenti}, M. and {Toffolatti}, L. and {Tomasi}, M. and {Trombetti}, T. and {Valenziano}, L. and {Valiviita}, J. and {Van Tent}, B. and {Vibert}, L. and {Vielva}, P. and {Villa}, F. and {Vittorio}, N. and {Wandelt}, B.~D. and {Wehus}, I.~K. and {White}, M. and {White}, S.~D.~M. and {Zacchei}, A. and {Zonca}, A.},
        title = "{Planck 2018 results. VI. Cosmological parameters}",
      journal = {\aap},
     keywords = {cosmic background radiation, cosmological parameters, Astrophysics - Cosmology and Nongalactic Astrophysics},
         year = 2020,
        month = sep,
       volume = {641},
          eid = {A6},
        pages = {A6},
          doi = {10.1051/0004-6361/201833910},
archivePrefix = {arXiv},
       eprint = {1807.06209},
 primaryClass = {astro-ph.CO},
       adsurl = {https://ui.adsabs.harvard.edu/abs/2020A&A...641A...6P},
      adsnote = {Provided by the SAO/NASA Astrophysics Data System}
}

@ARTICLE{riess2016,
       author = {{Riess}, Adam G. and {Macri}, Lucas M. and {Hoffmann}, Samantha L. and {Scolnic}, Dan and {Casertano}, Stefano and {Filippenko}, Alexei V. and {Tucker}, Brad E. and {Reid}, Mark J. and {Jones}, David O. and {Silverman}, Jeffrey M. and {Chornock}, Ryan and {Challis}, Peter and {Yuan}, Wenlong and {Brown}, Peter J. and {Foley}, Ryan J.},
        title = "{A 2.4\% Determination of the Local Value of the Hubble Constant}",
      journal = {\apj},
     keywords = {cosmological parameters, cosmology: observations, distance scale, galaxies: distances and redshifts, Astrophysics - Cosmology and Nongalactic Astrophysics, Astrophysics - Astrophysics of Galaxies},
         year = 2016,
        month = jul,
       volume = {826},
       number = {1},
          eid = {56},
        pages = {56},
          doi = {10.3847/0004-637X/826/1/56},
archivePrefix = {arXiv},
       eprint = {1604.01424},
 primaryClass = {astro-ph.CO},
       adsurl = {https://ui.adsabs.harvard.edu/abs/2016ApJ...826...56R},
      adsnote = {Provided by the SAO/NASA Astrophysics Data System}
}

@ARTICLE{riess2019,
       author = {{Riess}, Adam G. and {Casertano}, Stefano and {Yuan}, Wenlong and {Macri}, Lucas M. and {Scolnic}, Dan},
        title = "{Large Magellanic Cloud Cepheid Standards Provide a 1\% Foundation for the Determination of the Hubble Constant and Stronger Evidence for Physics beyond {\ensuremath{\Lambda}}CDM}",
      journal = {\apj},
     keywords = {cosmological parameters, distance scale, stars: variables: Cepheids, supernovae: general, Astrophysics - Cosmology and Nongalactic Astrophysics, Astrophysics - Astrophysics of Galaxies},
         year = 2019,
        month = may,
       volume = {876},
       number = {1},
          eid = {85},
        pages = {85},
          doi = {10.3847/1538-4357/ab1422},
archivePrefix = {arXiv},
       eprint = {1903.07603},
 primaryClass = {astro-ph.CO},
       adsurl = {https://ui.adsabs.harvard.edu/abs/2019ApJ...876...85R},
      adsnote = {Provided by the SAO/NASA Astrophysics Data System}
}

@ARTICLE{veracrubin,
       author = {{Petrushevska}, Tanja},
        title = "{Strongly Lensed Supernovae in Well-Studied Galaxy Clusters with the Vera C. Rubin Observatory}",
      journal = {Symmetry},
     keywords = {Astrophysics - Cosmology and Nongalactic Astrophysics},
         year = 2020,
        month = nov,
       volume = {12},
       number = {12},
        pages = {1966},
          doi = {10.3390/sym12121966},
archivePrefix = {arXiv},
       eprint = {2011.14122},
 primaryClass = {astro-ph.CO},
       adsurl = {https://ui.adsabs.harvard.edu/abs/2020Symm...12.1966P},
      adsnote = {Provided by the SAO/NASA Astrophysics Data System}
}

@ARTICLE{rst,
       author = {{Pierel}, J.~D.~R. and {Rodney}, S. and {Vernardos}, G. and {Oguri}, M. and {Kessler}, R. and {Anguita}, T.},
        title = "{Projected Cosmological Constraints from Strongly Lensed Supernovae with the Roman Space Telescope}",
      journal = {ApJ},
     keywords = {Supernovae, Strong gravitational lensing, Gravitational microlensing, Cosmology, 1668, 1643, 672, 343, Astrophysics - Cosmology and Nongalactic Astrophysics},
         year = 2021,
        month = feb,
       volume = {908},
       number = {2},
          eid = {190},
        pages = {190},
          doi = {10.3847/1538-4357/abd8d3},
archivePrefix = {arXiv},
       eprint = {2010.12399},
 primaryClass = {astro-ph.CO},
       adsurl = {https://ui.adsabs.harvard.edu/abs/2021ApJ...908..190P},
      adsnote = {Provided by the SAO/NASA Astrophysics Data System}
}

@ARTICLE{beitunresolved,
       author = {{Bag}, Satadru and {Kim}, Alex G. and {Linder}, Eric V. and {Shafieloo}, Arman},
        title = "{Be It Unresolved: Measuring Time Delays from Lensed Supernovae}",
      journal = {\apj},
     keywords = {Strong gravitational lensing, Type Ia supernovae, Astrostatistics techniques, Cosmology, Sky surveys, Supernovae, 1643, 1728, 1886, 343, 1464, 1668, Astrophysics - Cosmology and Nongalactic Astrophysics},
         year = 2021,
        month = mar,
       volume = {910},
       number = {1},
          eid = {65},
        pages = {65},
          doi = {10.3847/1538-4357/abe238},
archivePrefix = {arXiv},
       eprint = {2010.03774},
 primaryClass = {astro-ph.CO},
       adsurl = {https://ui.adsabs.harvard.edu/abs/2021ApJ...910...65B},
      adsnote = {Provided by the SAO/NASA Astrophysics Data System}
}

@ARTICLE{goldstein2018,
       author = {{Goldstein}, Daniel A. and {Nugent}, Peter E. and {Kasen}, Daniel N. and {Collett}, Thomas E.},
        title = "{Precise Time Delays from Strongly Gravitationally Lensed Type Ia Supernovae with Chromatically Microlensed Images}",
      journal = {\apj},
     keywords = {gravitational lensing: micro, gravitational lensing: strong, Supernovae: general, Astrophysics - Cosmology and Nongalactic Astrophysics},
         year = 2018,
        month = mar,
       volume = {855},
       number = {1},
          eid = {22},
        pages = {22},
          doi = {10.3847/1538-4357/aaa975},
archivePrefix = {arXiv},
       eprint = {1708.00003},
 primaryClass = {astro-ph.CO},
       adsurl = {https://ui.adsabs.harvard.edu/abs/2018ApJ...855...22G},
      adsnote = {Provided by the SAO/NASA Astrophysics Data System}
}

@ARTICLE{ogurimarshall,
       author = {{Oguri}, Masamune and {Marshall}, Philip J.},
        title = "{Gravitationally lensed quasars and supernovae in future wide-field optical imaging surveys}",
      journal = {\mnras},
     keywords = {gravitational lensing: strong, cosmological parameters, cosmology: theory, Astrophysics - Cosmology and Nongalactic Astrophysics},
         year = 2010,
        month = jul,
       volume = {405},
       number = {4},
        pages = {2579-2593},
          doi = {10.1111/j.1365-2966.2010.16639.x},
archivePrefix = {arXiv},
       eprint = {1001.2037},
 primaryClass = {astro-ph.CO},
       adsurl = {https://ui.adsabs.harvard.edu/abs/2010MNRAS.405.2579O},
      adsnote = {Provided by the SAO/NASA Astrophysics Data System}
}

@ARTICLE{kelly2016,
       author = {{Kelly}, P.~L. and {Brammer}, G. and {Selsing}, J. and {Foley}, R.~J. and {Hjorth}, J. and {Rodney}, S.~A. and {Christensen}, L. and {Strolger}, L. -G. and {Filippenko}, A.~V. and {Treu}, T. and {Steidel}, C.~C. and {Strom}, A. and {Riess}, A.~G. and {Zitrin}, A. and {Schmidt}, K.~B. and {Brada{\v{c}}}, M. and {Jha}, S.~W. and {Graham}, M.~L. and {McCully}, C. and {Graur}, O. and {Weiner}, B.~J. and {Silverman}, J.~M. and {Taddia}, F.},
        title = "{SN Refsdal: Classification as a Luminous and Blue SN 1987A-like Type II Supernova}",
      journal = {\apj},
     keywords = {galaxies: clusters: general, galaxies: clusters: individual: MACS J1149+2223, gravitational lensing: strong, supernovae: general, supernovae: individual: SN Refsdal, Astrophysics - Astrophysics of Galaxies, Astrophysics - Cosmology and Nongalactic Astrophysics, Astrophysics - Solar and Stellar Astrophysics},
         year = 2016,
        month = nov,
       volume = {831},
       number = {2},
          eid = {205},
        pages = {205},
          doi = {10.3847/0004-637X/831/2/205},
archivePrefix = {arXiv},
       eprint = {1512.09093},
 primaryClass = {astro-ph.GA},
       adsurl = {https://ui.adsabs.harvard.edu/abs/2016ApJ...831..205K},
      adsnote = {Provided by the SAO/NASA Astrophysics Data System}
}

@ARTICLE{timedelaycosmography,
       author = {{Treu}, Tommaso and {Marshall}, Philip J.},
        title = "{Time delay cosmography}",
      journal = {\aapr},
     keywords = {Cosmology, Gravitational lensing, Gravity, Dark energy, Astrophysics - Cosmology and Nongalactic Astrophysics},
         year = 2016,
        month = jul,
       volume = {24},
       number = {1},
          eid = {11},
        pages = {11},
          doi = {10.1007/s00159-016-0096-8},
archivePrefix = {arXiv},
       eprint = {1605.05333},
 primaryClass = {astro-ph.CO},
       adsurl = {https://ui.adsabs.harvard.edu/abs/2016A&ARv..24...11T},
      adsnote = {Provided by the SAO/NASA Astrophysics Data System}
}

@ARTICLE{grillo2018,
       author = {{Grillo}, C. and {Rosati}, P. and {Suyu}, S.~H. and {Balestra}, I. and {Caminha}, G.~B. and {Halkola}, A. and {Kelly}, P.~L. and {Lombardi}, M. and {Mercurio}, A. and {Rodney}, S.~A. and {Treu}, T.},
        title = "{Measuring the Value of the Hubble Constant {\textquotedblleft}{\`a} la Refsdal{\textquotedblright}}",
      journal = {\apj},
     keywords = {cosmological parameters, dark energy, dark matter, distance scale, galaxies: clusters: individual: MACS J1149.5+2223, gravitational lensing: strong, Astrophysics - Cosmology and Nongalactic Astrophysics},
         year = 2018,
        month = jun,
       volume = {860},
       number = {2},
          eid = {94},
        pages = {94},
          doi = {10.3847/1538-4357/aac2c9},
archivePrefix = {arXiv},
       eprint = {1802.01584},
 primaryClass = {astro-ph.CO},
       adsurl = {https://ui.adsabs.harvard.edu/abs/2018ApJ...860...94G},
      adsnote = {Provided by the SAO/NASA Astrophysics Data System}
}

@ARTICLE{holz2001,
       author = {{Holz}, Daniel E.},
        title = "{Seeing Double: Strong Gravitational Lensing of High-Redshift Supernovae}",
      journal = {\apjl},
     keywords = {Cosmology: Observations, Cosmology: Theory, Cosmology: Gravitational Lensing, Stars: Supernovae: General, Astrophysics, General Relativity and Quantum Cosmology},
         year = 2001,
        month = aug,
       volume = {556},
       number = {2},
        pages = {L71-L74},
          doi = {10.1086/322947},
archivePrefix = {arXiv},
       eprint = {astro-ph/0104440},
 primaryClass = {astro-ph},
       adsurl = {https://ui.adsabs.harvard.edu/abs/2001ApJ...556L..71H},
      adsnote = {Provided by the SAO/NASA Astrophysics Data System}
}

@ARTICLE{goldsteinnugent2017,
       author = {{Goldstein}, Daniel A. and {Nugent}, Peter E.},
        title = "{How to Find Gravitationally Lensed Type Ia Supernovae}",
      journal = {\apjl},
     keywords = {methods: observational, supernovae: general, surveys, Astrophysics - Instrumentation and Methods for Astrophysics, Astrophysics - Cosmology and Nongalactic Astrophysics, Astrophysics - High Energy Astrophysical Phenomena},
         year = 2017,
        month = jan,
       volume = {834},
       number = {1},
          eid = {L5},
        pages = {L5},
          doi = {10.3847/2041-8213/834/1/L5},
archivePrefix = {arXiv},
       eprint = {1611.09459},
 primaryClass = {astro-ph.IM},
       adsurl = {https://ui.adsabs.harvard.edu/abs/2017ApJ...834L...5G},
      adsnote = {Provided by the SAO/NASA Astrophysics Data System}
}

@ARTICLE{ddr,
       author = {{Renzi}, Fabrizio and {Hogg}, Natalie B. and {Martinelli}, Matteo and {Nesseris}, Savvas},
        title = "{Strongly lensed supernovae as a self-sufficient probe of the distance duality relation}",
      journal = {Physics of the Dark Universe},
     keywords = {Cosmology, Strong lensing, Forecasts, Astrophysics - Cosmology and Nongalactic Astrophysics},
         year = 2021,
        month = may,
       volume = {32},
          eid = {100824},
        pages = {100824},
          doi = {10.1016/j.dark.2021.100824},
archivePrefix = {arXiv},
       eprint = {2010.04155},
 primaryClass = {astro-ph.CO},
       adsurl = {https://ui.adsabs.harvard.edu/abs/2021PDU....3200824R},
      adsnote = {Provided by the SAO/NASA Astrophysics Data System}
}

@ARTICLE{ogurikawano2003,
       author = {{Oguri}, Masamune and {Kawano}, Yozo},
        title = "{Gravitational lens time delays for distant supernovae: breaking the degeneracy between radial mass profiles and the Hubble constant}",
      journal = {\mnras},
     keywords = {gravitational lensing, supernovae: general, galaxies: structure, cosmology: theory, distance scale, Astrophysics},
         year = 2003,
        month = feb,
       volume = {338},
       number = {4},
        pages = {L25-L29},
          doi = {10.1046/j.1365-8711.2003.06290.x},
archivePrefix = {arXiv},
       eprint = {astro-ph/0211499},
 primaryClass = {astro-ph},
       adsurl = {https://ui.adsabs.harvard.edu/abs/2003MNRAS.338L..25O},
      adsnote = {Provided by the SAO/NASA Astrophysics Data System}
}

@ARTICLE{petrnat2020,
       author = {{Baklanov}, Petr and {Lyskova}, Natalia and {Blinnikov}, Sergei and {Nomoto}, Ken'ichi},
        title = "{Strongly Lensed Supernova Refsdal: Refining Time Delays Based on the Supernova Explosion Models}",
      journal = {\apj},
     keywords = {Type II supernovae, Strong gravitational lensing, Galaxy clusters, 1731, 1643, 584, Astrophysics - High Energy Astrophysical Phenomena},
         year = 2021,
        month = jan,
       volume = {907},
       number = {1},
          eid = {35},
        pages = {35},
          doi = {10.3847/1538-4357/abcd98},
archivePrefix = {arXiv},
       eprint = {2007.04106},
 primaryClass = {astro-ph.HE},
       adsurl = {https://ui.adsabs.harvard.edu/abs/2021ApJ...907...35B},
      adsnote = {Provided by the SAO/NASA Astrophysics Data System}
}

@ARTICLE{vegaferrero,
       author = {{Vega-Ferrero}, J. and {Diego}, J.~M. and {Miranda}, V. and {Bernstein}, G.~M.},
        title = "{The Hubble Constant from SN Refsdal}",
      journal = {\apjl},
     keywords = {cosmology: theory, galaxies: clusters: individual: MACS J1149.5+2223, gravitational lensing: strong, methods: statistical, supernovae: individual: SN Refsdal, Astrophysics - Cosmology and Nongalactic Astrophysics, Astrophysics - Astrophysics of Galaxies},
         year = 2018,
        month = feb,
       volume = {853},
       number = {2},
          eid = {L31},
        pages = {L31},
          doi = {10.3847/2041-8213/aaa95f},
archivePrefix = {arXiv},
       eprint = {1712.05800},
 primaryClass = {astro-ph.CO},
       adsurl = {https://ui.adsabs.harvard.edu/abs/2018ApJ...853L..31V},
      adsnote = {Provided by the SAO/NASA Astrophysics Data System}
}

@ARTICLE{holismokesI,
       author = {{Suyu}, S.~H. and {Huber}, S. and {Ca{\~n}ameras}, R. and {Kromer}, M. and {Schuldt}, S. and {Taubenberger}, S. and {Y{\i}ld{\i}r{\i}m}, A. and {Bonvin}, V. and {Chan}, J.~H.~H. and {Courbin}, F. and {N{\"o}bauer}, U. and {Sim}, S.~A. and {Sluse}, D.},
        title = "{HOLISMOKES. I. Highly Optimised Lensing Investigations of Supernovae, Microlensing Objects, and Kinematics of Ellipticals and Spirals}",
      journal = {\aap},
     keywords = {gravitational lensing: strong, gravitational lensing: micro, supernovae: general, galaxies: distances and redshifts, galaxies: kinematics and dynamics, cosmological parameters, Astrophysics - Cosmology and Nongalactic Astrophysics, Astrophysics - High Energy Astrophysical Phenomena},
         year = 2020,
        month = dec,
       volume = {644},
          eid = {A162},
        pages = {A162},
          doi = {10.1051/0004-6361/202037757},
archivePrefix = {arXiv},
       eprint = {2002.08378},
 primaryClass = {astro-ph.CO},
       adsurl = {https://ui.adsabs.harvard.edu/abs/2020A&A...644A.162S},
      adsnote = {Provided by the SAO/NASA Astrophysics Data System}
}

@ARTICLE{holismokesIII,
       author = {{Huber}, S. and {Suyu}, S.~H. and {Noebauer}, U.~M. and {Chan}, J.~H.~H. and {Kromer}, M. and {Sim}, S.~A. and {Sluse}, D. and {Taubenberger}, S.},
        title = "{HOLISMOKES. III. Achromatic phase of strongly lensed Type Ia supernovae}",
      journal = {\aap},
     keywords = {gravitational lensing: micro, gravitational lensing: strong, supernovae: individual: Type Ia, cosmology: observations, Astrophysics - High Energy Astrophysical Phenomena, Astrophysics - Instrumentation and Methods for Astrophysics},
         year = 2021,
        month = feb,
       volume = {646},
          eid = {A110},
        pages = {A110},
          doi = {10.1051/0004-6361/202039218},
archivePrefix = {arXiv},
       eprint = {2008.10393},
 primaryClass = {astro-ph.HE},
       adsurl = {https://ui.adsabs.harvard.edu/abs/2021A&A...646A.110H},
      adsnote = {Provided by the SAO/NASA Astrophysics Data System}
}

@ARTICLE{holismokesV,
       author = {{Bayer}, J. and {Huber}, S. and {Vogl}, C. and {Suyu}, S.~H. and {Taubenberger}, S. and {Sluse}, D. and {Chan}, J.~H.~H. and {Kerzendorf}, W.~E.},
        title = "{HOLISMOKES -- V. Microlensing of type II supernovae and time-delay inference through spectroscopic phase retrieval}",
      journal = {arXiv e-prints},
     keywords = {Astrophysics - Cosmology and Nongalactic Astrophysics, Astrophysics - High Energy Astrophysical Phenomena},
         year = 2021,
        month = jan,
          eid = {arXiv:2101.06229},
        pages = {arXiv:2101.06229},
archivePrefix = {arXiv},
       eprint = {2101.06229},
 primaryClass = {astro-ph.CO},
       adsurl = {https://ui.adsabs.harvard.edu/abs/2021arXiv210106229B},
      adsnote = {Provided by the SAO/NASA Astrophysics Data System}
}

@ARTICLE{wambsganss1992_probabilities,
       author = {{Wambsganss}, Joachim},
        title = "{Probability Distributions for the Magnification of Quasars due to Microlensing}",
      journal = {\apj},
     keywords = {Gravitational Lenses, Probability Distribution Functions, Quasars, Astronomical Models, Compact Galaxies, Computational Astrophysics, Astrophysics, COSMOLOGY: GRAVITATIONAL LENSING, GALAXIES: QUASARS: GENERAL},
         year = 1992,
        month = feb,
       volume = {386},
        pages = {19},
          doi = {10.1086/170987},
       adsurl = {https://ui.adsabs.harvard.edu/abs/1992ApJ...386...19W},
      adsnote = {Provided by the SAO/NASA Astrophysics Data System}
}

@ARTICLE{sizeiseverything,
       author = {{Mortonson}, Michael J. and {Schechter}, Paul L. and {Wambsganss}, Joachim},
        title = "{Size Is Everything: Universal Features of Quasar Microlensing with Extended Sources}",
      journal = {\apj},
     keywords = {Accretion, Accretion Disks, Cosmology: Gravitational Lensing, Galaxies: Quasars: General, Astrophysics},
         year = 2005,
        month = aug,
       volume = {628},
       number = {2},
        pages = {594-603},
          doi = {10.1086/431195},
archivePrefix = {arXiv},
       eprint = {astro-ph/0408195},
 primaryClass = {astro-ph},
       adsurl = {https://ui.adsabs.harvard.edu/abs/2005ApJ...628..594M},
      adsnote = {Provided by the SAO/NASA Astrophysics Data System}
}

@ARTICLE{changrefsdal1979,
       author = {{Chang}, K. and {Refsdal}, S.},
        title = "{Flux variations of QSO 0957 + 561 A, B and image splitting by stars near the light path}",
      journal = {\nat},
     keywords = {Binary Stars, Gravitational Lenses, Optical Paths, Quasars, Radiant Flux Density, Point Sources, Star Distribution, Astrophysics},
         year = 1979,
        month = dec,
       volume = {282},
       number = {5739},
        pages = {561-564},
          doi = {10.1038/282561a0},
       adsurl = {https://ui.adsabs.harvard.edu/abs/1979Natur.282..561C},
      adsnote = {Provided by the SAO/NASA Astrophysics Data System}
}

@ARTICLE{20years,
       author = {{Liao}, Kai},
        title = "{Impact of Microlensing on Observational Strategies for Gravitational Time-delay Measurements}",
      journal = {\apj},
     keywords = {Gravitational microlensing, Strong gravitational lensing, Quasar microlensing, 672, 1643, 1318, Astrophysics - Cosmology and Nongalactic Astrophysics, Astrophysics - Astrophysics of Galaxies},
         year = 2021,
        month = jan,
       volume = {906},
       number = {1},
          eid = {26},
        pages = {26},
          doi = {10.3847/1538-4357/abc876},
archivePrefix = {arXiv},
       eprint = {2007.13996},
 primaryClass = {astro-ph.CO},
       adsurl = {https://ui.adsabs.harvard.edu/abs/2021ApJ...906...26L},
      adsnote = {Provided by the SAO/NASA Astrophysics Data System}
}

@ARTICLE{foxleymarrable2018,
       author = {{Foxley-Marrable}, Max and {Collett}, Thomas E. and {Vernardos}, Georgios and {Goldstein}, Daniel A. and {Bacon}, David},
        title = "{The impact of microlensing on the standardization of strongly lensed Type Ia supernovae}",
      journal = {\mnras},
     keywords = {gravitational lensing: strong, gravitational lensing: micro, supernovae: general, supernovae: individual: iPTF16geu, cosmological parameters, cosmology: observations, Astrophysics - Cosmology and Nongalactic Astrophysics, Astrophysics - Astrophysics of Galaxies},
         year = 2018,
        month = aug,
       volume = {478},
       number = {4},
        pages = {5081-5090},
          doi = {10.1093/mnras/sty1346},
archivePrefix = {arXiv},
       eprint = {1802.07738},
 primaryClass = {astro-ph.CO},
       adsurl = {https://ui.adsabs.harvard.edu/abs/2018MNRAS.478.5081F},
      adsnote = {Provided by the SAO/NASA Astrophysics Data System}
}

@ARTICLE{bonvin2019,
       author = {{Bonvin}, V. and {Tihhonova}, O. and {Millon}, M. and {Chan}, J.~H. -H. and {Savary}, E. and {Huber}, S. and {Courbin}, F.},
        title = "{Impact of the 3D source geometry on time-delay measurements of lensed type-Ia supernovae}",
      journal = {\aap},
     keywords = {gravitational lensing: strong, supernovae: general, cosmological parameters, Astrophysics - Cosmology and Nongalactic Astrophysics},
         year = 2019,
        month = jan,
       volume = {621},
          eid = {A55},
        pages = {A55},
          doi = {10.1051/0004-6361/201833405},
archivePrefix = {arXiv},
       eprint = {1805.04525},
 primaryClass = {astro-ph.CO},
       adsurl = {https://ui.adsabs.harvard.edu/abs/2019A&A...621A..55B},
      adsnote = {Provided by the SAO/NASA Astrophysics Data System}
}

@ARTICLE{hubersuyu2019,
       author = {{Huber}, S. and {Suyu}, S.~H. and {Noebauer}, U.~M. and {Bonvin}, V. and {Rothchild}, D. and {Chan}, J.~H.~H. and {Awan}, H. and {Courbin}, F. and {Kromer}, M. and {Marshall}, P. and {Oguri}, M. and {Ribeiro}, T. and {LSST Dark Energy Science Collaboration}},
        title = "{Strongly lensed SNe Ia in the era of LSST: observing cadence for lens discoveries and time-delay measurements}",
      journal = {\aap},
     keywords = {gravitational lensing: strong, gravitational lensing: micro, supernovae: general, surveys, cosmological parameters, cosmology: observations, Astrophysics - Instrumentation and Methods for Astrophysics, Astrophysics - Cosmology and Nongalactic Astrophysics},
         year = 2019,
        month = nov,
       volume = {631},
          eid = {A161},
        pages = {A161},
          doi = {10.1051/0004-6361/201935370},
archivePrefix = {arXiv},
       eprint = {1903.00510},
 primaryClass = {astro-ph.IM},
       adsurl = {https://ui.adsabs.harvard.edu/abs/2019A&A...631A.161H},
      adsnote = {Provided by the SAO/NASA Astrophysics Data System}
}

@ARTICLE{schneider1985,
       author = {{Schneider}, P.},
        title = "{A new formulation of gravitational lens theory, time-delay, and Fermat's principle}",
      journal = {\aap},
     keywords = {Astronomical Models, Big Bang Cosmology, Fermat Principle, Gravitational Lenses, Time Lag, Galaxies, Light Transmission, Quasars, Universe, Wave Diffraction, Astrophysics},
         year = 1985,
        month = feb,
       volume = {143},
       number = {2},
        pages = {413-420},
       adsurl = {https://ui.adsabs.harvard.edu/abs/1985A&A...143..413S},
      adsnote = {Provided by the SAO/NASA Astrophysics Data System}
}

@ARTICLE{blandfordnarayan1986,
       author = {{Blandford}, Roger and {Narayan}, Ramesh},
        title = "{Fermat's Principle, Caustics, and the Classification of Gravitational Lens Images}",
      journal = {\apj},
     keywords = {Caustics (Optics), Fermat Principle, Gravitational Lenses, Quasars, Catastrophe Theory, Cusps (Mathematics), Dark Matter, Density Distribution, Elliptical Galaxies, Galactic Clusters, Astrophysics, GALAXIES: CLUSTERING, GRAVITATION, QUASARS, RELATIVITY},
         year = 1986,
        month = nov,
       volume = {310},
        pages = {568},
          doi = {10.1086/164709},
       adsurl = {https://ui.adsabs.harvard.edu/abs/1986ApJ...310..568B},
      adsnote = {Provided by the SAO/NASA Astrophysics Data System}
}

@ARTICLE{shapiro1964,
       author = {{Shapiro}, Irwin I.},
        title = "{Fourth Test of General Relativity}",
      journal = {\prl},
         year = 1964,
        month = dec,
       volume = {13},
       number = {26},
        pages = {789-791},
          doi = {10.1103/PhysRevLett.13.789},
       adsurl = {https://ui.adsabs.harvard.edu/abs/1964PhRvL..13..789S},
      adsnote = {Provided by the SAO/NASA Astrophysics Data System}
}

@ARTICLE{suyu2010,
       author = {{Suyu}, S.~H. and {Marshall}, P.~J. and {Auger}, M.~W. and {Hilbert}, S. and {Blandford}, R.~D. and {Koopmans}, L.~V.~E. and {Fassnacht}, C.~D. and {Treu}, T.},
        title = "{Dissecting the Gravitational lens B1608+656. II. Precision Measurements of the Hubble Constant, Spatial Curvature, and the Dark Energy Equation of State}",
      journal = {\apj},
     keywords = {cosmology: observations, distance scale, galaxies: individual: B1608+656, gravitational lensing: strong, methods: data analysis, Astrophysics - Cosmology and Extragalactic Astrophysics},
         year = 2010,
        month = mar,
       volume = {711},
       number = {1},
        pages = {201-221},
          doi = {10.1088/0004-637X/711/1/201},
archivePrefix = {arXiv},
       eprint = {0910.2773},
 primaryClass = {astro-ph.CO},
       adsurl = {https://ui.adsabs.harvard.edu/abs/2010ApJ...711..201S},
      adsnote = {Provided by the SAO/NASA Astrophysics Data System}
}

@ARTICLE{birrer2016,
       author = {{Birrer}, Simon and {Amara}, Adam and {Refregier}, Alexandre},
        title = "{The mass-sheet degeneracy and time-delay cosmography: analysis of the strong lens RXJ1131-1231}",
      journal = {\jcap},
     keywords = {Astrophysics - Cosmology and Nongalactic Astrophysics},
         year = 2016,
        month = aug,
       volume = {2016},
       number = {8},
          eid = {020},
        pages = {020},
          doi = {10.1088/1475-7516/2016/08/020},
archivePrefix = {arXiv},
       eprint = {1511.03662},
 primaryClass = {astro-ph.CO},
       adsurl = {https://ui.adsabs.harvard.edu/abs/2016JCAP...08..020B},
      adsnote = {Provided by the SAO/NASA Astrophysics Data System}
}

@ARTICLE{1a_standart,
       author = {{Coelho}, Rodrigo C.~V. and {Calv{\~a}o}, Maur{\'\i}cio O. and {Reis}, Ribamar R.~R. and {Siffert}, Beatriz B.},
        title = "{Standardization of type Ia supernovae}",
      journal = {European Journal of Physics},
     keywords = {Astrophysics - Cosmology and Nongalactic Astrophysics, Astrophysics - High Energy Astrophysical Phenomena},
         year = 2015,
        month = jan,
       volume = {36},
       number = {1},
          eid = {015007},
        pages = {015007},
          doi = {10.1088/0143-0807/36/1/015007},
archivePrefix = {arXiv},
       eprint = {1411.3596},
 primaryClass = {astro-ph.CO},
       adsurl = {https://ui.adsabs.harvard.edu/abs/2015EJPh...36a5007C},
      adsnote = {Provided by the SAO/NASA Astrophysics Data System}
}

@ARTICLE{kayzerrefsdal1983,
       author = {{Kayser}, R. and {Refsdal}, S.},
        title = "{The difference in light travel time between gravitational lens images. I. Generalization of the wavefront method to arbitrary deflectors and inhomogeneous universes.}",
      journal = {\aap},
     keywords = {Cosmology, Gravitational Lenses, Light Speed, Quasars, Red Shift, Geometrical Optics, Optical Paths, Time Dependence, Wave Fronts, Astrophysics, Cosmology:Gravitational Lenses, Gravitational Lenses:Cosmology, Gravitational Lenses:Pairs of Quasars, Pairs of Quasars:Gravitational Lenses},
         year = 1983,
        month = dec,
       volume = {128},
        pages = {156-161},
       adsurl = {https://ui.adsabs.harvard.edu/abs/1983A&A...128..156K},
      adsnote = {Provided by the SAO/NASA Astrophysics Data System}
}

@ARTICLE{falco1985,
       author = {{Falco}, E.~E. and {Gorenstein}, M.~V. and {Shapiro}, I.~I.},
        title = "{On model-dependent bounds on H 0 from gravitational images : application to Q 0957+561 A, B.}",
      journal = {\apjl},
     keywords = {Astronomical Models, Background Radiation, Gravitational Lenses, Mass Distribution, Quasars, Radiation Sources, Galactic Clusters, Geometrical Optics, Hubble Diagram, Astrophysics},
         year = 1985,
        month = feb,
       volume = {289},
        pages = {L1-L4},
          doi = {10.1086/184422},
       adsurl = {https://ui.adsabs.harvard.edu/abs/1985ApJ...289L...1F},
      adsnote = {Provided by the SAO/NASA Astrophysics Data System}
}

@ARTICLE{emcee,
       author = {{Foreman-Mackey}, Daniel and {Hogg}, David W. and {Lang}, Dustin and {Goodman}, Jonathan},
        title = "{emcee: The MCMC Hammer}",
      journal = {\pasp},
     keywords = {Astrophysics - Instrumentation and Methods for Astrophysics, Physics - Computational Physics, Statistics - Computation},
         year = 2013,
        month = mar,
       volume = {125},
       number = {925},
        pages = {306},
          doi = {10.1086/670067},
archivePrefix = {arXiv},
       eprint = {1202.3665},
 primaryClass = {astro-ph.IM},
       adsurl = {https://ui.adsabs.harvard.edu/abs/2013PASP..125..306F},
      adsnote = {Provided by the SAO/NASA Astrophysics Data System}
}

@ARTICLE{gerlumph,
       author = {{Vernardos}, G. and {Fluke}, C.~J. and {Bate}, N.~F. and {Croton}, D.},
        title = "{GERLUMPH Data Release 1: High-resolution Cosmological Microlensing Magnification Maps and eResearch Tools}",
      journal = {\apjs},
     keywords = {accretion, accretion disks, gravitational lensing: micro, quasars: general, Astrophysics - Cosmology and Extragalactic Astrophysics},
         year = 2014,
        month = mar,
       volume = {211},
       number = {1},
          eid = {16},
        pages = {16},
          doi = {10.1088/0067-0049/211/1/16},
archivePrefix = {arXiv},
       eprint = {1401.7711},
 primaryClass = {astro-ph.CO},
       adsurl = {https://ui.adsabs.harvard.edu/abs/2014ApJS..211...16V},
      adsnote = {Provided by the SAO/NASA Astrophysics Data System}
}
